@inproceedings{Zarmpou:2013:MTM:2490257.2490295,
 author = {Zarmpou, Theodora and Drosopoulou, Charoula and Vlachopoulou, Maro},
 title = {Mapping the Tourism Mobile Applications: What, How and Where},
 booktitle = {Proceedings of the 6th Balkan Conference in Informatics},
 series = {BCI '13},
 year = {2013},
 isbn = {978-1-4503-1851-8},
 location = {Thessaloniki, Greece},
 pages = {206--212},
 numpages = {7},
 url = {http://doi.acm.org/10.1145/2490257.2490295},
 doi = {10.1145/2490257.2490295},
 acmid = {2490295},
 publisher = {ACM},
 address = {New York, NY, USA},
 keywords = {business models, mobile business, mobile tourism, tourism applications},
}

@inproceedings{Luz:2013:CIT:2494444.2494449,
 author = {Luz, Nuno and Almeida, Ana and Anacleto, Ricardo and Silva, Nuno},
 title = {Collective Intelligence in Toursplan: An Online Tourism Social Network with Planning and Recommendation Services},
 booktitle = {Proceedings of the International C* Conference on Computer Science and Software Engineering},
 series = {C3S2E '13},
 year = {2013},
 isbn = {978-1-4503-1976-8},
 location = {Porto, Portugal},
 pages = {42--48},
 numpages = {7},
 url = {http://doi.acm.org/10.1145/2494444.2494449},
 doi = {10.1145/2494444.2494449},
 acmid = {2494449},
 publisher = {ACM},
 address = {New York, NY, USA},
 keywords = {collective intelligence, linked data, social networks, tourism and travel},
}

@article{Abowd:1997:CMC:272186.272199,
 author = {Abowd, Gregory D. and Atkeson, Christopher G. and Hong, Jason and Long, Sue and Kooper, Rob and Pinkerton, Mike},
 title = {Cyberguide: A Mobile Context-aware Tour Guide},
 journal = {Wirel. Netw.},
 issue_date = {Oct. 1997},
 volume = {3},
 number = {5},
 month = oct,
 year = {1997},
 issn = {1022-0038},
 pages = {421--433},
 numpages = {13},
 url = {http://dx.doi.org/10.1023/A:1019194325861},
 doi = {10.1023/A:1019194325861},
 acmid = {272199},
 publisher = {Springer-Verlag New York, Inc.},
 address = {Secaucus, NJ, USA},
} 
